<?xml version="1.0" encoding="UTF-8"?><collection xmlns="http://www.loc.gov/MARC21/slim"><record><leader>00669nam--2200181-i-4500</leader><controlfield tag="001">000006573</controlfield><controlfield tag="002">20161230</controlfield><controlfield tag="005">20161230201026</controlfield><controlfield tag="008">060222s1000------------r-----000-0-eng-d</controlfield><datafield ind1=" " ind2=" " tag="040"><subfield code="a">IFIN-HH</subfield></datafield><datafield ind1=" " ind2=" " tag="080"><subfield code="a">539.126.34:621.384.6(O61.3)</subfield></datafield><datafield ind1="1" ind2=" " tag="100"><subfield code="a">Regenstreif, E</subfield></datafield><datafield ind1="1" ind2="0" tag="245"><subfield code="a">Cern symposium on high energy accelerators and pion physics; symposium du cern sur les accelerateurs de haute energie et la physique de mesons pi</subfield><subfield code="b">Proccedings, geneva, 11th-23rd june 1956</subfield><subfield code="c">E. regenstreif (ed.)</subfield></datafield><datafield ind1=" " ind2=" " tag="260"><subfield code="a">Geneva</subfield><subfield code="b">Cern</subfield><subfield code="c">1956</subfield></datafield><datafield ind1=" " ind2=" " tag="300"><subfield code="a">2 VOLUME</subfield></datafield><datafield ind1="1" ind2=" " tag="787"><subfield code="a">Volume 2</subfield><subfield code="t">Pion Physics; La Physique Des Mesons Pi</subfield></datafield><datafield ind1=" " ind2=" " tag="852"><subfield code="a">13152</subfield><subfield code="c">539.131</subfield></datafield><datafield ind1=" " ind2=" " tag="CAT"><subfield code="a">Sys</subfield><subfield code="c">20120228</subfield><subfield code="h">131932</subfield></datafield></record></collection>